@ARTICLE{MTT,
author={B. Mazur and J. Tate and J. Teitelbaum},
title={On $p$-adic analogues of the conjecture of Birch and Swinnerton Dyer},
journal={Inventiones Math.},
date={1986},
}

@online{irvine,
title={{Auto MPG Dataset}},
author={{U.C. Irvine ML Repository}},
url={http://https://archive.ics.uci.edu/ml/datasets/Auto+MPG}
}